
@book{cengel_thermodynamics:_2024,
	address = {New York, NY},
	edition = {Tenth Edition},
	title = {Thermodynamics: {An} {Engineering} {Approach}},
	isbn = {9781266152115},
	shorttitle = {Thermodynamics},
	language = {eng},
	publisher = {McGraw Hill},
	author = {Çengel, Yunus A. and Boles, Michael A. and Kanoğlu, Mehmet},
	year = {2024},
}

